<record><leader>00000cas a22000007a 4500</leader><controlfield tag="001">19524630</controlfield><controlfield tag="008">890410d18811882pauwr ne      0    0eng d</controlfield><datafield ind1=" " ind2=" " tag="010"><subfield code="a">sn 89077128 </subfield></datafield><datafield ind1=" " ind2=" " tag="040"><subfield code="a">NPH</subfield><subfield code="b">eng</subfield><subfield code="c">NPH</subfield><subfield code="d">OCLCQ</subfield></datafield><datafield ind1=" " ind2=" " tag="042"><subfield code="a">msc</subfield></datafield><datafield ind1="0" ind2=" " tag="130"><subfield code="a">Weekly express (Lititz, Pa.)</subfield></datafield><datafield ind1="1" ind2="4" tag="245"><subfield code="a">The weekly express.</subfield></datafield><datafield ind1=" " ind2=" " tag="260"><subfield code="a">Lititz, Pa. :</subfield><subfield code="b">Zook and Derr,</subfield><subfield code="c">1881-1882.</subfield></datafield><datafield ind1=" " ind2=" " tag="300"><subfield code="a">v. ;</subfield><subfield code="c">60 cm.</subfield></datafield><datafield ind1=" " ind2=" " tag="310"><subfield code="a">Weekly</subfield></datafield><datafield ind1="0" ind2=" " tag="362"><subfield code="a">Vol. 1, no. 1 (Sept. 10, 1881)-v. 1, no. 52 (Sept. 2, 1882).</subfield></datafield><datafield ind1=" " ind2=" " tag="752"><subfield code="a">United States</subfield><subfield code="b">Pennsylvania</subfield><subfield code="c">Lancaster</subfield><subfield code="d">Lititz.</subfield></datafield><datafield ind1="0" ind2="0" tag="780"><subfield code="t">Sunbeam (Lititz, Pa.)</subfield></datafield><datafield ind1="0" ind2="0" tag="785"><subfield code="t">Lititz express</subfield><subfield code="w">(DLC)sn 86081639</subfield></datafield></record>